%YAML 1.1
%TAG !u! tag:unity3d.com,2011:
--- !u!1 &2249974556176654244
GameObject:
  m_ObjectHideFlags: 0
  m_CorrespondingSourceObject: {fileID: 0}
  m_PrefabInstance: {fileID: 0}
  m_PrefabAsset: {fileID: 0}
  serializedVersion: 6
  m_Component:
  - component: {fileID: 2249974556176654243}
  - component: {fileID: 2249974556176654240}
  - component: {fileID: 2249974556176654241}
  - component: {fileID: 2249974556176654246}
  - component: {fileID: 2249974556176654247}
  m_Layer: 0
  m_Name: AVmedia_3
  m_TagString: Untagged
  m_Icon: {fileID: 0}
  m_NavMeshLayer: 0
  m_StaticEditorFlags: 0
  m_IsActive: 1
--- !u!4 &2249974556176654243
Transform:
  m_ObjectHideFlags: 0
  m_CorrespondingSourceObject: {fileID: 0}
  m_PrefabInstance: {fileID: 0}
  m_PrefabAsset: {fileID: 0}
  m_GameObject: {fileID: 2249974556176654244}
  m_LocalRotation: {x: 0, y: 0.7071068, z: 0.7071068, w: 0}
  m_LocalPosition: {x: 0, y: 0, z: 9.07}
  m_LocalScale: {x: 1.8876293, y: 0, z: 1.0617915}
  m_Children: []
  m_Father: {fileID: 0}
  m_RootOrder: 0
  m_LocalEulerAnglesHint: {x: -90, y: 0, z: 180}
--- !u!33 &2249974556176654240
MeshFilter:
  m_ObjectHideFlags: 0
  m_CorrespondingSourceObject: {fileID: 0}
  m_PrefabInstance: {fileID: 0}
  m_PrefabAsset: {fileID: 0}
  m_GameObject: {fileID: 2249974556176654244}
  m_Mesh: {fileID: 10209, guid: 0000000000000000e000000000000000, type: 0}
--- !u!23 &2249974556176654241
MeshRenderer:
  m_ObjectHideFlags: 0
  m_CorrespondingSourceObject: {fileID: 0}
  m_PrefabInstance: {fileID: 0}
  m_PrefabAsset: {fileID: 0}
  m_GameObject: {fileID: 2249974556176654244}
  m_Enabled: 1
  m_CastShadows: 1
  m_ReceiveShadows: 1
  m_DynamicOccludee: 1
  m_MotionVectors: 1
  m_LightProbeUsage: 1
  m_ReflectionProbeUsage: 1
  m_RenderingLayerMask: 1
  m_RendererPriority: 0
  m_Materials:
  - {fileID: 2100000, guid: a9b2a4e899be069478b7d790ae46c4ef, type: 2}
  m_StaticBatchInfo:
    firstSubMesh: 0
    subMeshCount: 0
  m_StaticBatchRoot: {fileID: 0}
  m_ProbeAnchor: {fileID: 0}
  m_LightProbeVolumeOverride: {fileID: 0}
  m_ScaleInLightmap: 1
  m_PreserveUVs: 0
  m_IgnoreNormalsForChartDetection: 0
  m_ImportantGI: 0
  m_StitchLightmapSeams: 0
  m_SelectedEditorRenderState: 3
  m_MinimumChartSize: 4
  m_AutoUVMaxDistance: 0.5
  m_AutoUVMaxAngle: 89
  m_LightmapParameters: {fileID: 0}
  m_SortingLayerID: 0
  m_SortingLayer: 0
  m_SortingOrder: 0
--- !u!114 &2249974556176654246
MonoBehaviour:
  m_ObjectHideFlags: 0
  m_CorrespondingSourceObject: {fileID: 0}
  m_PrefabInstance: {fileID: 0}
  m_PrefabAsset: {fileID: 0}
  m_GameObject: {fileID: 2249974556176654244}
  m_Enabled: 1
  m_EditorHideFlags: 0
  m_Script: {fileID: 11500000, guid: f6d1977a52888584496b1acc7e998011, type: 3}
  m_Name: 
  m_EditorClassIdentifier: 
  _media: {fileID: 2249974556176654247}
  _defaultTexture: {fileID: 0}
  _mesh: {fileID: 2249974556176654241}
  _texturePropertyName: _MainTex
  _offset: {x: 0, y: 0}
  _scale: {x: 1, y: 1}
--- !u!114 &2249974556176654247
MonoBehaviour:
  m_ObjectHideFlags: 0
  m_CorrespondingSourceObject: {fileID: 0}
  m_PrefabInstance: {fileID: 0}
  m_PrefabAsset: {fileID: 0}
  m_GameObject: {fileID: 2249974556176654244}
  m_Enabled: 1
  m_EditorHideFlags: 0
  m_Script: {fileID: 11500000, guid: 638c870cac4da414fba921606d504407, type: 3}
  m_Name: 
  m_EditorClassIdentifier: 
  m_VideoLocation: 2
  m_VideoPath: ECOSKIN_1129.mp4
  m_AutoOpen: 1
  m_AutoStart: 1
  m_Loop: 0
  m_Volume: 1
  m_Balance: 0
  m_Muted: 0
  m_PlaybackRate: 1
  m_Resample: 0
  m_ResampleMode: 0
  m_ResampleBufferSize: 5
  m_Persistent: 0
  m_videoMapping: 0
  m_StereoPacking: 0
  m_AlphaPacking: 0
  m_DisplayDebugStereoColorTint: 0
  m_FilterMode: 1
  m_WrapMode: 1
  m_AnisoLevel: 0
  m_LoadSubtitles: 0
  m_SubtitleLocation: 2
  m_SubtitlePath: 
  m_AudioHeadTransform: {fileID: 0}
  m_AudioFocusEnabled: 0
  m_AudioFocusTransform: {fileID: 0}
  m_AudioFocusWidthDegrees: 90
  m_AudioFocusOffLevelDB: 0
  m_events:
    m_PersistentCalls:
      m_Calls: []
    m_TypeName: RenderHeads.Media.AVProVideo.MediaPlayerEvent, Assembly-CSharp, Version=0.0.0.0,
      Culture=neutral, PublicKeyToken=null
  m_eventMask: -1
  m_forceFileFormat: 0
  _pauseMediaOnAppPause: 1
  _playMediaOnAppUnpause: 1
  m_sourceSampleRate: 0
  m_sourceChannels: 0
  m_manuallySetAudioSourceProperties: 0
  _optionsWindows:
    overridePath: 0
    pathLocation: 2
    path: 
    videoApi: 0
    useHardwareDecoding: 1
    useUnityAudio: 0
    forceAudioResample: 1
    useTextureMips: 0
    hintAlphaChannel: 0
    useLowLatency: 0
    forceAudioOutputDeviceName: 
    preferredFilters: []
    enableAudio360: 0
    audio360ChannelMode: 0
  _optionsMacOSX:
    overridePath: 0
    pathLocation: 2
    path: 
    httpHeaderJson: 
    keyServerURLOverride: 
    keyServerAuthToken: 
    base64EncodedKeyBlob: 
  _optionsIOS:
    overridePath: 0
    pathLocation: 2
    path: 
    httpHeaderJson: 
    keyServerURLOverride: 
    keyServerAuthToken: 
    base64EncodedKeyBlob: 
    useYpCbCr420Textures: 1
  _optionsTVOS:
    overridePath: 0
    pathLocation: 2
    path: 
    httpHeaderJson: 
    keyServerURLOverride: 
    keyServerAuthToken: 
    base64EncodedKeyBlob: 
    useYpCbCr420Textures: 1
  _optionsAndroid:
    overridePath: 0
    pathLocation: 2
    path: 
    videoApi: 2
    useFastOesPath: 0
    showPosterFrame: 0
    enableAudio360: 0
    audio360ChannelMode: 0
    preferSoftwareDecoder: 0
    httpHeaderJson: 
    fileOffset: 0
  _optionsWindowsPhone:
    overridePath: 0
    pathLocation: 2
    path: 
    useHardwareDecoding: 1
    useUnityAudio: 0
    forceAudioResample: 1
    useTextureMips: 0
    useLowLatency: 0
  _optionsWindowsUWP:
    overridePath: 0
    pathLocation: 2
    path: 
    useHardwareDecoding: 1
    useUnityAudio: 0
    forceAudioResample: 1
    useTextureMips: 0
    useLowLatency: 0
  _optionsWebGL:
    overridePath: 0
    pathLocation: 2
    path: 
    externalLibrary: 0
    useTextureMips: 0
  _optionsPS4:
    overridePath: 0
    pathLocation: 2
    path: 
